<record><leader>00000cas a2200000 a 4500</leader><controlfield tag="001">10561000</controlfield><controlfield tag="008">840326d18621863msudn ne      0    0eng  </controlfield><datafield ind1=" " ind2=" " tag="010"><subfield code="a">sn 84020290 </subfield></datafield><datafield ind1=" " ind2=" " tag="040"><subfield code="a">DLC</subfield><subfield code="b">eng</subfield><subfield code="c">DLC</subfield><subfield code="d">NPY</subfield><subfield code="d">DLC</subfield><subfield code="d">NPA</subfield><subfield code="d">MSJ</subfield><subfield code="d">NPA</subfield><subfield code="d">ANU</subfield><subfield code="d">MGN</subfield><subfield code="d">NVF</subfield><subfield code="d">NVK</subfield><subfield code="d">OCL</subfield><subfield code="d">CUI</subfield><subfield code="d">OCLCQ</subfield><subfield code="d">OCLCF</subfield><subfield code="d">OCLCA</subfield></datafield><datafield ind1="1" ind2=" " tag="029"><subfield code="a">AU@</subfield><subfield code="b">000020227952</subfield></datafield><datafield ind1=" " ind2=" " tag="042"><subfield code="a">pcc</subfield></datafield><datafield ind1=" " ind2=" " tag="043"><subfield code="a">n-us-ms</subfield></datafield><datafield ind1=" " ind2="4" tag="050"><subfield code="a">AN</subfield></datafield><datafield ind1="0" ind2=" " tag="130"><subfield code="a">Natchez daily courier (Natchez, Miss. : 1862)</subfield></datafield><datafield ind1="1" ind2="0" tag="245"><subfield code="a">Natchez daily courier.</subfield></datafield><datafield ind1=" " ind2=" " tag="260"><subfield code="a">Natchez, Miss. :</subfield><subfield code="b">[s.n.],</subfield><subfield code="c">1862-1863.</subfield></datafield><datafield ind1=" " ind2=" " tag="300"><subfield code="a">v. :</subfield><subfield code="b">ill. (chiefly advertisements) ;</subfield><subfield code="c">55-69 cm.</subfield></datafield><datafield ind1=" " ind2=" " tag="310"><subfield code="a">Daily (except Sunday &amp; Monday)</subfield></datafield><datafield ind1="0" ind2=" " tag="362"><subfield code="a">Vol. 11, no. 36 (Nov. 18, 1862)-v. 11, no. 205 (July 11, 1863).</subfield></datafield><datafield ind1=" " ind2=" " tag="500"><subfield code="a">"Official paper for the city and county."</subfield></datafield><datafield ind1=" " ind2=" " tag="500"><subfield code="a">Published by G.M. Hillyer, &lt;1863&gt;.</subfield></datafield><datafield ind1=" " ind2=" " tag="500"><subfield code="a">Issues for July 19 and Aug. 8, 1863 are "Extra" with title Natchez daily courier.</subfield></datafield><datafield ind1=" " ind2=" " tag="530"><subfield code="a">Available on microfilm from Bell &amp; Howell.</subfield></datafield><datafield ind1=" " ind2="0" tag="651"><subfield code="a">Natchez (Miss.)</subfield><subfield code="v">Newspapers.</subfield></datafield><datafield ind1=" " ind2="0" tag="651"><subfield code="a">Adams County (Miss.)</subfield><subfield code="v">Newspapers.</subfield></datafield><datafield ind1=" " ind2="7" tag="655"><subfield code="a">Newspapers.</subfield><subfield code="2">fast</subfield><subfield code="0">(OCoLC)fst01423814</subfield></datafield><datafield ind1=" " ind2="7" tag="651"><subfield code="a">Mississippi</subfield><subfield code="z">Adams County.</subfield><subfield code="2">fast</subfield><subfield code="0">(OCoLC)fst01214708</subfield></datafield><datafield ind1=" " ind2="7" tag="651"><subfield code="a">Mississippi</subfield><subfield code="z">Natchez.</subfield><subfield code="2">fast</subfield><subfield code="0">(OCoLC)fst01204961</subfield></datafield><datafield ind1=" " ind2=" " tag="752"><subfield code="a">United States</subfield><subfield code="b">Mississippi</subfield><subfield code="c">Adams</subfield><subfield code="d">Natchez.</subfield></datafield><datafield ind1="0" ind2=" " tag="775"><subfield code="t">Natchez weekly courier</subfield><subfield code="w">(DLC)sn 84020130</subfield><subfield code="w">(OCoLC)2251263</subfield></datafield><datafield ind1="0" ind2="0" tag="780"><subfield code="t">Courier (Natchez, Miss.)</subfield><subfield code="w">(DLC)sn 83016882</subfield><subfield code="w">(OCoLC)10199162</subfield></datafield><datafield ind1="0" ind2="0" tag="785"><subfield code="t">Natchez courier (Natchez, Miss. : 1863)</subfield><subfield code="w">(DLC)sn 87065439</subfield><subfield code="w">(OCoLC)16067115</subfield></datafield></record>